%% This BibTeX bibliography file was created using BibDesk.
%% http://bibdesk.sourceforge.net/


%% Created for Anand Patil at 2010-03-19 19:00:48 +0000 


%% Saved with string encoding Unicode (UTF-8) 



@book{gilks:1995,
	Date-Added = {2010-03-19 17:34:48 +0000},
	Date-Modified = {2010-03-19 17:35:28 +0000},
	Editor = {Gilks, W.R. and Richardson, S. and Spiegelhalter, D.J.},
	Publisher = {Chapman \& Hall},
	Title = {Markov chain Monte Carlo in Practice},
	Year = {1995}}

@book{abramowitz:1965,
	Date-Added = {2010-03-19 17:31:50 +0000},
	Date-Modified = {2010-03-19 17:33:03 +0000},
	Editor = {Abramowitz, M. A. and Stegun, I. A.},
	Publisher = {Dover Publications Inc.},
	Title = {Handbook of Mathematical Functions},
	Year = {1965}}

@article{hay:2007,
	Author = {Hay, S.I. and Guerra, C. A. and Gething, P. W. and Patil, A. P. and Tatem, A. J. and Noor, A. M. and Kabaria, C. W. and Manh, B. H. and Elyazar, I. R. F. and Brooker, S. J. and Smith, D. L. and Moyeed, R. A. and Snow, R. W.},
	Date-Added = {2010-03-19 17:28:13 +0000},
	Date-Modified = {2010-03-19 17:29:43 +0000},
	Journal = {Public Library of Science Medicine},
	Number = {3},
	Title = {A world malaria map: {\em {P}lasmodium falciparum} endemicity in 2007},
	Volume = {6},
	Year = {2009}}

@book{mccullagh:1999,
	Author = {McCullagh, P. and Nelder, J. A.},
	Date-Added = {2010-03-19 16:32:07 +0000},
	Date-Modified = {2010-03-19 16:32:46 +0000},
	Number = {37},
	Publisher = {Chapman \& Hall/CRC},
	Series = {Monographs on Statistics and Applied Probability},
	Title = {Generalized Linear Models},
	Year = {1999}}

@book{banerjee:2004,
	Author = {Banerjee, S. and Carlin, Bradley P. and Gelfand, Alan E.},
	Date-Added = {2010-03-19 16:26:53 +0000},
	Date-Modified = {2010-03-19 16:29:34 +0000},
	Number = {101},
	Publisher = {Chapman \& Hall/CRC},
	Series = {Monographs on Statistics and Applied Probability},
	Title = {Hierarchical modeling and analysis for spatial data},
	Year = {2004}}

@book{isaaks:1989,
	Author = {Edward H. Isaaks and R. Mohan Srivastava},
	Date-Added = {2010-03-19 16:18:48 +0000},
	Date-Modified = {2010-03-19 16:19:19 +0000},
	Publisher = {Oxford University Press},
	Title = {An Introduction to Applied Geostatistics},
	Year = {1989}}

@book{wackernagel:2003,
	Author = {Wackernagel, H.},
	Date-Added = {2010-03-19 16:13:53 +0000},
	Date-Modified = {2010-03-19 16:15:24 +0000},
	Edition = {Third},
	Publisher = {Springer},
	Title = {Multivariate Geostatistics},
	Year = {2003}}

@book{goovaerts:1997,
	Author = {Goovaerts, P.},
	Date-Added = {2010-03-19 16:11:42 +0000},
	Date-Modified = {2010-03-19 16:13:16 +0000},
	Editor = {Journel, A. G.},
	Publisher = {Oxford University Press},
	Series = {Applied Geostatistics Series},
	Title = {Geostatistics for Natural Resources Evaluation},
	Year = {1997}}

@article{howes:2010,
	Author = {Howes, RE and Patil, AP and Piel, FB and Nyangiri, OA and Gething, PW and Zimmermen, PA and Barnadas, C and Beall, CM and Gebremedhin, A and M{\'e}nard, D and Weatherall, DJ and Hay, SI},
	Date-Added = {2010-03-19 14:28:54 +0000},
	Date-Modified = {2010-03-19 14:31:04 +0000},
	Journal = {Public Library of Science Genetics},
	Title = {The grobal distribution of the Duffy blood groups},
	Year = {2010 (in review)}}
